@misc{twitter_stats,
	author = {Salman Aslam},
	title = {{Twitter by the Numbers: Stats, Demographics}},
	howpublished = "\url{https://www.omnicoreagency.com/twitter-statistics/}",
	year = {01.2019}, 
	note = "[Online; accessed 07-July-2019]"
}


@misc{twitter_datasets,
	author = {},
	title = {{Tweet ID Datasets}},
	howpublished = "\url{https://www.docnow.io/catalog/}",
	year = {01.2019}, 
	note = "[Online; accessed 07-July-2019]"
}


@misc{congress-downloader,
	author = {Judd, Nicholas, Dan Drinkard, Jeremy Carbaugh, and Lindsay Young},
	title = {{congressional-record: A parser for the Congressional }},
	howpublished = "\url{https://github.com/unitedstates/congressional-record}",
	year = {2017}, 
	note = "[Online; accessed 07-July-2019]"
}

@misc{congress_page,
	author = {},
	title = {{Congress Page}},
	howpublished = "\url{congress.gov/congressional-record}",
	year = {01.2019}, 
	note = "[Online; accessed 07-July-2019]"
}

@article{bingham2018pyro,
	author = {Bingham, Eli and Chen, Jonathan P. and Jankowiak, Martin and Obermeyer, Fritz and
	Pradhan, Neeraj and Karaletsos, Theofanis and Singh, Rohit and Szerlip, Paul and
	Horsfall, Paul and Goodman, Noah D.},
	title = {{Pyro: Deep Universal Probabilistic Programming}},
	journal = {Journal of Machine Learning Research},
	year = {2018}
}


@inproceedings{paszke2017automatic,
	title={Automatic Differentiation in {PyTorch}},
	author={Paszke, Adam and Gross, Sam and Chintala, Soumith and Chanan, Gregory and Yang, Edward and DeVito, Zachary and Lin, Zeming and Desmaison, Alban and Antiga, Luca and Lerer, Adam},
	booktitle={NIPS Autodiff Workshop},
	year={2017}
}

@article{DhingraZFMC16,
	author    = {Bhuwan Dhingra and
	Zhong Zhou and
	Dylan Fitzpatrick and
	Michael Muehl and
	William W. Cohen},
	title     = {Tweet2Vec: Character-Based Distributed Representations for Social
	Media},
	journal   = {CoRR},
	volume    = {abs/1605.03481},
	year      = {2016},
	url       = {http://arxiv.org/abs/1605.03481},
	archivePrefix = {arXiv},
	eprint    = {1605.03481},
	timestamp = {Mon, 13 Aug 2018 16:48:39 +0200},
	biburl    = {https://dblp.org/rec/bib/journals/corr/DhingraZFMC16},
	bibsource = {dblp computer science bibliography, https://dblp.org}
}